<?xml version="1.0" encoding="UTF-8"?>
<!-- Search-Engine-Total-Number-Of-Results: 1884157 -->
<collection xmlns="http://www.loc.gov/MARC21/slim">
<record>
  <controlfield tag="001">9106451</controlfield>
  <controlfield tag="005">20120430113553.0</controlfield>
  <datafield tag="024" ind1=" " ind2=" ">
    <subfield code="a">doi:abcds/esdfs.123045</subfield>
  </datafield>
  <datafield tag="035" ind1=" " ind2=" ">
    <subfield code="a">arXiv:hep-ph/1234</subfield>
  </datafield>
  
  <datafield tag="980" ind1=" " ind2=" ">
    <subfield code="a">ASTRONOMY</subfield>
  </datafield>
  <datafield tag="980" ind1=" " ind2=" ">
    <subfield code="p">NONARTICLE</subfield>
  </datafield>
  <datafield tag="980" ind1=" " ind2=" ">
    <subfield code="p">CATALOG</subfield>
  </datafield>
  <datafield tag="980" ind1=" " ind2=" ">
    <subfield code="p">photos</subfield>
  </datafield>
  <datafield tag="980" ind1=" " ind2=" ">
    <subfield code="b">CfA</subfield>
  </datafield>
  <datafield tag="970" ind1=" " ind2=" ">
    <subfield code="a">2012yCat.2311....0C</subfield>
  </datafield>
  <datafield tag="035" ind1=" " ind2=" ">
    <subfield code="a">2012yCat.2311....0C</subfield>
    <subfield code="2">ADS bibcode</subfield>
  </datafield>
  <datafield tag="245" ind1=" " ind2=" ">
    <subfield code="a">WISE All-Sky Data Release (Cutri+ 2012)</subfield>
  </datafield>
  <datafield tag="100" ind1=" " ind2=" ">
    <subfield code="a">Cutri, R. M.</subfield>
    <subfield code="b">Cutri, R</subfield>
    <subfield code="e">regular</subfield>
    <subfield code="m">rcutri@example.edu</subfield>
  </datafield>
  <datafield tag="700" ind1=" " ind2=" ">
    <subfield code="a">et al.</subfield>
    <subfield code="b">et al.</subfield>
    <subfield code="e">regular</subfield>
  </datafield>
  <datafield tag="773" ind1=" " ind2=" ">
    <subfield code="p">Test journal Apj</subfield>
    <subfield code="v">2311</subfield>
    <subfield code="c">0</subfield>
    <subfield code="y">2012</subfield>
    <subfield code="i">2056-2089</subfield>
    <subfield code="z">VizieR On-line Data Catalog: II/311.  Originally</subfield>
  </datafield>
  <datafield tag="260" ind1=" " ind2=" ">
    <subfield code="c">2012-04-00</subfield>
    <subfield code="t">date-published</subfield>
  </datafield>
  <datafield tag="653" ind1="1" ind2=" ">
    <subfield code="a">WISE</subfield>
    <subfield code="b"/>
  </datafield>
  <datafield tag="520" ind1=" " ind2=" ">
    <subfield code="a">The Wide-field Infrared Survey Explorer (WISE; see Wright et al. 2010AJ....140.1868W) is a NASA Medium Class Explorer mission that conducted a digital imaging survey of the entire sky in the 3.4, 4.6, 12 and 22um mid-infrared bandpasses (hereafter W1, W2, W3 and W4). WISE will produce and release to the world astronomical and educational communities and general public a digital Image Atlas covering the sky in the four survey bands, and a reliable Source Catalog containing accurate photometry and astrometry for over 300 million objects. The WISE Catalog and Atlas will enable a broad variety of research efforts ranging from the search for the closest stars and brown dwarfs to the most luminous galaxies in the Universe. WISE science data products will serve as an important reference data set for planning observations and interpreting data obtained with future ground and space-borne observatories, such as JWST. WISE was launched on 2009-12-14 from Vandenberg SLC2W.(1 data file).</subfield>
    <subfield code="y">en</subfield>
  </datafield>
  <datafield tag="591" ind1=" " ind2=" ">
    <subfield code="a">2012wise.rept....1C</subfield>
    <subfield code="c">Source Paper</subfield>
  </datafield>
  <datafield tag="591" ind1=" " ind2=" ">
    <subfield code="a">2012yCat.2311....0C</subfield>
    <subfield code="c">Catalog Description</subfield>
  </datafield>
  <datafield tag="856" ind1="4" ind2=" ">
    <subfield code="u">http://adsabs.harvard.edu/cgi-bin/nph-data_query?bibcode=2012yCat.2311....0C&amp;link_type=DATA</subfield>
    <subfield code="y">On-line Data</subfield>
  </datafield>
  <datafield tag="907" ind1=" " ind2=" ">
    <subfield code="a">SIMBAD</subfield>
  </datafield>
  <datafield tag="500" ind1=" " ind2=" ">
    <subfield code="a">wise.sam 5000x342 *Sample of the WISE All-Sky release; (among 563,921,584 sources)</subfield>
    <subfield code="9">SIMBAD</subfield>
  </datafield>
  <datafield tag="995" ind1=" " ind2=" ">
    <subfield code="a">{"abs":[{"p":"/proj/ads/abstracts/ast/text/R13/R13-18086.abs","t":"1335278160"}],"links":{"associated":[{"t":"Source Paper","u":"2012wise.rept....1C"},{"t":"Catalog Description","u":"2012yCat.2311....0C"}],"data":[{"u":"http://$VIZIER$/viz-bin/VizieR?-source=II/311"}]},"prop":["nonarticle"]}</subfield>
    <subfield code="9">AST</subfield>
  </datafield>
</record>