
<record>
  <controlfield tag="001">3</controlfield>
  <datafield tag="970" ind1=" " ind2=" ">
    <subfield code="a">9999XXXX..xxxxxxxx3</subfield>
  </datafield>
  <datafield tag="245" ind1=" " ind2=" ">
    <subfield code="a">The title is not available</subfield>
  </datafield>
</record>