
<record>
  <controlfield tag="001">4</controlfield>
  <datafield tag="970" ind1=" " ind2=" ">
    <subfield code="a">9999XXXX..xxxxxxxx4</subfield>
  </datafield>
  <datafield tag="245" ind1=" " ind2=" ">
    <subfield code="a">no-sky data survey with q'i values 5" 1025.456 degrees</subfield>
  </datafield>
  <datafield tag="520" ind1=" " ind2=" ">
    <subfield code="a">no-sky data survey with q'i values 5" 1025.456 degrees is talking inside abstract</subfield>
  </datafield>
</record>