
 <record>
   <controlfield tag="001">161085</controlfield>
  <controlfield tag="005">20120425194826.0</controlfield>
    <datafield tag="980" ind1="" ind2="">
      <subfield code="a">ASTRONOMY</subfield>
    </datafield>
    <datafield tag="980" ind1="" ind2="">
      <subfield code="p">OPENACCESS</subfield>
    </datafield>
    <datafield tag="980" ind1="" ind2="">
      <subfield code="p">REFEREED</subfield>
    </datafield>
    <datafield tag="980" ind1="" ind2="">
      <subfield code="p">ARTICLE</subfield>
    </datafield>
    <datafield tag="970" ind1="" ind2="">
      <subfield code="a">1992ARA&amp;A..30..543M</subfield>
    </datafield>
    <datafield tag="035" ind1="" ind2="">
      <subfield code="a">1992ARA&amp;A..30..543M</subfield>
      <subfield code="2">ADS bibcode</subfield>
    </datafield>
    <datafield tag="024" ind1="7" ind2="">
      <subfield code="a">10.1146/annurev.aa.30.090192.002551</subfield>
      <subfield code="2">DOI</subfield>
    </datafield>
    <datafield tag="245" ind1="" ind2="">
      <subfield code="a">Smoothed particle hydrodynamics</subfield>
    </datafield>
    <datafield tag="100" ind1="" ind2="">
      <subfield code="a">Monaghan, J. J.</subfield>
      <subfield code="b">Monaghan, J</subfield>
      <subfield code="e">regular</subfield>
      <subfield code="u">Monash Univ., Clayton, Australia</subfield>
    </datafield>
    <datafield tag="773" ind1="" ind2="">
      <subfield code="p">In: Annual review of astronomy and astrophysics. Vol. 30 (A93-25826 09-90)</subfield>
      <subfield code="v">30</subfield>
      <subfield code="c">543-574</subfield>
      <subfield code="y">1992</subfield>
      <subfield code="z">In: Annual review of astronomy and astrophysics. Vol. 30 (A93-25826 09-90), p. 543-574.</subfield>
    </datafield>
    <datafield tag="260" ind1="" ind2="">
      <subfield code="c">1992-00-00</subfield>
      <subfield code="t">date-published</subfield>
    </datafield>
    <datafield tag="695" ind1="" ind2="">
      <subfield code="a">COMPUTATIONAL FLUID DYNAMICS</subfield>
      <subfield code="b">methods numerical</subfield>
      <subfield code="9">NASA/STI</subfield>
    </datafield>
    <datafield tag="695" ind1="" ind2="">
      <subfield code="a">FINITE DIFFERENCE THEORY</subfield>
      <subfield code="b"></subfield>
      <subfield code="9">NASA/STI</subfield>
    </datafield>
    <datafield tag="695" ind1="" ind2="">
      <subfield code="a">HYDRODYNAMICS</subfield>
      <subfield code="b">hydrodynamics</subfield>
      <subfield code="9">NASA/STI</subfield>
    </datafield>
    <datafield tag="695" ind1="" ind2="">
      <subfield code="a">KERNEL FUNCTIONS</subfield>
      <subfield code="b"></subfield>
      <subfield code="9">NASA/STI</subfield>
    </datafield>
    <datafield tag="695" ind1="" ind2="">
      <subfield code="a">PARTICLE ENERGY</subfield>
      <subfield code="b"></subfield>
      <subfield code="9">NASA/STI</subfield>
    </datafield>
    <datafield tag="695" ind1="" ind2="">
      <subfield code="a">PARTICLE MASS</subfield>
      <subfield code="b"></subfield>
      <subfield code="9">NASA/STI</subfield>
    </datafield>
    <datafield tag="695" ind1="" ind2="">
      <subfield code="a">ANGULAR MOMENTUM</subfield>
      <subfield code="b">angular momentum</subfield>
      <subfield code="9">NASA/STI</subfield>
    </datafield>
    <datafield tag="695" ind1="" ind2="">
      <subfield code="a">PARTIAL DIFFERENTIAL EQUATIONS</subfield>
      <subfield code="b"></subfield>
      <subfield code="9">NASA/STI</subfield>
    </datafield>
    <datafield tag="695" ind1="" ind2="">
      <subfield code="a">PARTICLE IN CELL TECHNIQUE</subfield>
      <subfield code="b"></subfield>
      <subfield code="9">NASA/STI</subfield>
    </datafield>
    <datafield tag="695" ind1="" ind2="">
      <subfield code="a">PRESSURE GRADIENTS</subfield>
      <subfield code="b"></subfield>
      <subfield code="9">NASA/STI</subfield>
    </datafield>
    <datafield tag="695" ind1="" ind2="">
      <subfield code="a">Astrophysics</subfield>
      <subfield code="b"></subfield>
      <subfield code="9">STI category</subfield>
    </datafield>
    <datafield tag="520" ind1="" ind2="">
      <subfield code="a"></subfield>
      <subfield code="y">The fundamentals of the smoothed particle hydrodynamics (SPH) method and its applications in astrophysics are reviewed. The discussion covers equations of motion, viscosity amd thermal conduction, spatially varying resolution, kernels, magnetic fields, special relativity, and implementation. Applications of the SPH method are discussed with reference to gas dynamics, binary stars and stellar collisions, formation of the moon and impact problems, fragmentation and cloud collisions, and cosmological and galactic problems. Other applications discussed include disks and rings, radio jets, motion near black holes, supernovae, magnetic phenomena, and nearly incompressible flow.</subfield>
    </datafield>
    <datafield tag="856" ind1="4" ind2="">
      <subfield code="u">http://adsabs.harvard.edu/cgi-bin/nph-data_query?bibcode=1992ARA%26A..30..543M&amp;link_type=TOC</subfield>
      <subfield code="y">Table of Contents</subfield>
    </datafield>
    <datafield tag="856" ind1="4" ind2="">
      <subfield code="u">http://adsabs.harvard.edu/cgi-bin/nph-data_query?bibcode=1992ARA%26A..30..543M&amp;link_type=GIF</subfield>
      <subfield code="y">Scanned Article (GIF)</subfield>
    </datafield>
    <datafield tag="856" ind1="4" ind2="^">
      <subfield code="u">http://adsabs.harvard.edu/cgi-bin/nph-data_query?bibcode=1992ARA%26A..30..543M&amp;link_type=ARTICLE</subfield>
      <subfield code="y">Full Printable Article (PDF/Postscript)</subfield>
    </datafield>
    <datafield tag="999" ind1="C" ind2="5">
      <subfield code="e">0</subfield>
      <subfield code="f">OCR</subfield>
      <subfield code="b">Stellingwerf, R. F. 1990b. Low Intensity Laser Ablation. Albuquerque: Mission Res. Corp.</subfield>
    </datafield>
    <datafield tag="999" ind1="C" ind2="5">
      <subfield code="e">0</subfield>
      <subfield code="f">OCR</subfield>
      <subfield code="b">Stellingwerf, R. F., Campbell, P. 1990. Hypervelocity Impact Modelling Using SPH. Albuquerque: Mission Res. Corp.</subfield>
    </datafield>
  </record>
</collection>